@book{vershynin2019high,
  title={High-dimensional probability},
  author={Vershynin, Roman},
  year={2019}
}

@book{wainwright2019high,
  title={High-dimensional statistics: A non-asymptotic viewpoint},
  author={Wainwright, Martin J},
  volume={48},
  year={2019},
  publisher={Cambridge University Press}
}

@book{devroye2012combinatorial,
  title={Combinatorial methods in density estimation},
  author={Devroye, Luc and Lugosi, G{\'a}bor},
  year={2012},
  publisher={Springer Science \& Business Media}
}
